@article{Allman:2009:CSE:1517480.1517483,
 author = {Allman, M.},
 title = {Comments on selecting ephemeral ports},
 journal = {SIGCOMM Comput. Commun. Rev.},
 issue_date = {April 2009},
 volume = {39},
 number = {2},
 month = mar,
 year = {2009},
 issn = {0146-4833},
 pages = {13--19},
 numpages = {7},
 url = {http://doi.acm.org/10.1145/1517480.1517483},
 doi = {10.1145/1517480.1517483},
 acmid = {1517483},
 publisher = {ACM},
 address = {New York, NY, USA},
 keywords = {port numbers, tcp},
} 



@Unpublished{Chu_Tuning:2009,
  author = 	 {Chu, J.},
  title = 	 {{Tuning TCP Parameters for the 21st Century}},
  note = 	 {Presented at IETF75},
  OPTkey = 	 {},
  month = 	 {July},
  year = 	 {2009},
  url = 	 {http://www.ietf.org/proceedings/75/slides/tcpm-1.pdf}
}


@inproceedings{Beverly:2009:UED:1644893.1644936,
 author = {Beverly, R. and Berger, A. and Hyun, Y. and claffy, kc},
 title = {Understanding the efficacy of deployed internet source address validation filtering},
 booktitle = {Proceedings of the 9th ACM SIGCOMM conference on Internet measurement conference},
 series = {IMC '09},
 year = {2009},
 isbn = {978-1-60558-771-4},
 location = {Chicago, Illinois, USA},
 pages = {356--369},
 numpages = {14},
 url = {http://doi.acm.org/10.1145/1644893.1644936},
 doi = {10.1145/1644893.1644936},
 acmid = {1644936},
 publisher = {ACM},
 address = {New York, NY, USA},
 keywords = {filtering, ip spoofing, source address validation},
} 

@inproceedings{Stone:2000:CTC:347059.347561,
 author = {Stone, J. and Partridge, C.},
 title = {{When the CRC and TCP checksum disagree}},
 booktitle = {Proceedings of the conference on Applications, Technologies, Architectures, and Protocols for Computer Communication},
 series = {SIGCOMM '00},
 year = {2000},
 isbn = {1-58113-223-9},
 location = {Stockholm, Sweden},
 pages = {309--319},
 numpages = {11},
 url = {http://doi.acm.org/10.1145/347059.347561},
 doi = {10.1145/347059.347561},
 acmid = {347561},
 publisher = {ACM},
 address = {New York, NY, USA},
} 


@Unpublished{Gont_TCPSecurity:2012,
  author = 	 {Gont, F.},
  title = 	 {{Survey of Security Hardening Methods for Transmission Control Protocol
                         (TCP) Implementations}},
  note = 	 {Internet draft, draft-ietf-tcpm-tcp-security, work in progress},
  month = 	 {March},
 url={http://tools.ietf.org/html/draft-ietf-tcpm-tcp-security-03},
  year = 	 2012}

@article{Afanasyev_Congestion:2012,
author = {Afanasyev, A. and Tilley, N. and Reiher, P. and Kleinrock, L.},
title = {{Host-to-Host Congestion Control for TCP}},
journal = {IEEE Communications Surveys {\&} Tutorials},
volume = {12},
number = {3},
pages = {304--342},
doi={10.1109/SURV.2010.042710.00114},
year=2012

}

@article{Budzisz_Taxonomy:2012,
author = {Budzisz, L. and Garcia, J. and Brunstrom, A. and Ferr{\'u}s, R.},
title = {{A taxonomy and survey of SCTP research}},
journal = {ACM Computing Surveys},
year = {2012},
volume = {44},
number = {4},
pages = {1--36},
month = aug,
doi={10.1145/2333112.2333113}
}


@article{login,
author = {Bonaventure, O. and Handley, M. and Raiciu, C.},
title = {{An Overview of Multipath TCP}},
journal = {Usenix ;login: magazine},
year = {2012},
volume = {37},
number={5},
month=oct,
url={https://www.usenix.org/publications/login/october-2012-volume-37-number-5/overview-multipath-tcp}
}

@inproceedings{Balakrishnan:1999:ICM:316188.316220,
 author = {Balakrishnan, H. and Rahul, H. and Seshan, S.},
 title = {An integrated congestion management architecture for Internet hosts},
 booktitle = {Proceedings of the conference on Applications, technologies, architectures, and protocols for computer communication},
 series = {SIGCOMM '99},
 year = {1999},
 isbn = {1-58113-135-6},
 location = {Cambridge, Massachusetts, USA},
 pages = {175--187},
 numpages = {13},
 url = {http://doi.acm.org/10.1145/316188.316220},
 doi = {10.1145/316188.316220},
 acmid = {316220},
 publisher = {ACM},
 address = {New York, NY, USA},
} 

@book{Fall_TCP:2011,
  title={{TCP/IP Illustrated, Volume 1: The Protocols}},
  author={Fall, K. and Stevens, R.},
  volume={1},
  year={2011},
url={http://books.google.be/books?id=a23OAn5i8R0C&printsec=frontcover#v=onepage&q&f=false},
  publisher={Addison-Wesley Professional}
}


@inproceedings{Faber_TimeWait:1999,
  title={{The TIME-WAIT state in TCP and its effect on busy servers}},
  author={Faber, T. and Touch, J. and Yue, W.},
  booktitle={INFOCOM'99. Eighteenth Annual Joint Conference of the IEEE Computer and Communications Societies. Proceedings. IEEE},
  volume={3},
  pages={1573--1583},
  year={1999},
  organization={IEEE},
doi={10.1109/INFCOM.1999.752180}
}

@article{Arlitt:2005:ATR:1052812.1052823,
 author = {Arlitt, M. and Williamson, C.},
 title = {{An analysis of TCP reset behaviour on the Internet}},
 journal = {SIGCOMM Comput. Commun. Rev.},
 issue_date = {January 2005},
 volume = {35},
 number = {1},
 month = jan,
 year = {2005},
 issn = {0146-4833},
 pages = {37--44},
 numpages = {8},
 url = {http://doi.acm.org/10.1145/1052812.1052823},
 doi = {10.1145/1052812.1052823},
 acmid = {1052823},
 publisher = {ACM},
 address = {New York, NY, USA},
 keywords = {TCP, network traffic measurement, web, workload characterization},
} 


@article{saltzer1984end,
  title={End-to-end arguments in system design},
  author={Saltzer, J. and Reed, D. and Clark, D.},
  journal={ACM Transactions on Computer Systems (TOCS)},
  volume={2},
  number={4},
  pages={277--288},
  year={1984},
  publisher={ACM},
  doi={10.1145/357401.357402}
}

@inproceedings{honda2011still,
 author = {Honda, Michio and Nishida, Yoshifumi and Raiciu, Costin and Greenhalgh, Adam and Handley, Mark and Tokuda, Hideyuki},
 title = {Is it still possible to extend {TCP}?},
 booktitle = {Proceedings of the 2011 ACM SIGCOMM conference on Internet measurement conference},
 series = {IMC '11},
 year = {2011},
 isbn = {978-1-4503-1013-0},
 location = {Berlin, Germany},
 pages = {181--194},
 numpages = {14},
 url = {http://doi.acm.org/10.1145/2068816.2068834},
 doi = {10.1145/2068816.2068834},
 acmid = {2068834},
 publisher = {ACM},
 address = {New York, NY, USA},
 keywords = {TCP, measurements, middleboxes, protocol design},
} 


@inproceedings{wang2011untold,
 author = {Wang, Zhaoguang and Qian, Zhiyun and Xu, Qiang and Mao, Zhuoqing and Zhang, Ming},
 title = {An untold story of middleboxes in cellular networks},
 booktitle = {Proceedings of the ACM SIGCOMM 2011 conference},
 series = {SIGCOMM '11},
 year = {2011},
 isbn = {978-1-4503-0797-0},
 location = {Toronto, Ontario, Canada},
 pages = {374--385},
 numpages = {12},
 url = {http://doi.acm.org/10.1145/2018436.2018479},
 doi = {10.1145/2018436.2018479},
 acmid = {2018479},
 publisher = {ACM},
 address = {New York, NY, USA},
 keywords = {cellular data network, firewall, middlebox, nat, tcp performance},
} 


@inproceedings{sherry2012making,
 author = {Sherry, Justine and Hasan, Shaddi and Scott, Colin and Krishnamurthy, Arvind and Ratnasamy, Sylvia and Sekar, Vyas},
 title = {Making middleboxes someone else's problem: network processing as a cloud service},
 booktitle = {Proceedings of the ACM SIGCOMM 2012 conference on Applications, technologies, architectures, and protocols for computer communication},
 series = {SIGCOMM '12},
 year = {2012},
 isbn = {978-1-4503-1419-0},
 location = {Helsinki, Finland},
 pages = {13--24},
 numpages = {12},
 url = {http://doi.acm.org/10.1145/2342356.2342359},
 doi = {10.1145/2342356.2342359},
 acmid = {2342359},
 publisher = {ACM},
 address = {New York, NY, USA},
 keywords = {cloud, middlebox, outsourcing},
} 

@inproceedings{Semke:1998hf,
 author = {Semke, Jeffrey and Mahdavi, Jamshid and Mathis, Matthew},
 title = {Automatic TCP buffer tuning},
 booktitle = {Proceedings of the ACM SIGCOMM '98 conference on Applications, technologies, architectures, and protocols for computer communication},
 series = {SIGCOMM '98},
 year = {1998},
 isbn = {1-58113-003-1},
 location = {Vancouver, British Columbia, Canada},
 pages = {315--323},
 numpages = {9},
 url = {http://doi.acm.org/10.1145/285237.285292},
 doi = {10.1145/285237.285292},
 acmid = {285292},
 publisher = {ACM},
 address = {New York, NY, USA},
} 


@inproceedings{Dhamdhere_IPv6:2012,
 author = {Dhamdhere, A. and Luckie, M. and Huffaker, B. and claffy, kc and Elmokashfi, A. and Aben, E.},
 title = {{Measuring the deployment of IPv6: topology, routing and performance}},
 booktitle = {Proceedings of the 2012 ACM conference on Internet measurement conference},
 series = {IMC '12},
 year = {2012},
 isbn = {978-1-4503-1705-4},
 location = {Boston, Massachusetts, USA},
 pages = {537--550},
 numpages = {14},
 url = {http://doi.acm.org/10.1145/2398776.2398832},
 doi = {10.1145/2398776.2398832},
 acmid = {2398832},
 publisher = {ACM},
 address = {New York, NY, USA},
 keywords = {IPv6, performance, routing, topology},
} 


@Unpublished{Perreault_CGN:2012,
  author = 	 {S. Perreault and I. Yamagata and S. Miyakawa and A. Nakagawa and H. Ashida},
  title = 	 {{Common requirements for Carrier Grade NATs (CGNs)}},
  note = 	 {Internet draft, draft-ietf-behave-lsn-requirements, work in progress},
  month = 	 {Dec},
url={http://tools.ietf.org/html/draft-ietf-behave-lsn-requirements},
  year = 	 2012}


@inproceedings{Vutukuru_TCP:2008,
author = {Vutukuru, M. and Balakrishnan, H. and Paxson, V.},
title = {{Efficient and Robust TCP Stream Normalization}},
booktitle = {IEEE Symposium on Security and Privacy},
pages = {96--110},
publisher = {IEEE},
doi={10.1109/SP.2008.27},
year=2008
}

@inproceedings{handley2001network,
  title={Network intrusion detection: Evasion, traffic normalization, and end-to-end protocol semantics},
  author={Handley, M. and Paxson, V. and Kreibich, C.},
  booktitle={Proc. USENIX Security Symposium},
  pages={9--9},
url={https://www.usenix.org/conference/10th-usenix-security-symposium/network-intrusion-detection-evasion-traffic-normalization},
  year={2001}
}

@article{Hayes_NAT:2008,
 author = {Hayes, D. and But, J. and Armitage, G.},
 title = {{Issues with network address translation for SCTP}},
 journal = {SIGCOMM Comput. Commun. Rev.},
 issue_date = {January 2009},
 volume = {39},
 number = {1},
 month = dec,
 year = {2008},
 issn = {0146-4833},
 pages = {23--33},
 numpages = {11},
 url = {http://doi.acm.org/10.1145/1496091.1496095},
 doi = {10.1145/1496091.1496095},
 acmid = {1496095},
 publisher = {ACM},
 address = {New York, NY, USA},
 keywords = {FreeBSD, libalias, network address translation (NAT), stream control transmission protocol (SCTP)},
} 

@inproceedings{Hatonen_HoeGateway:2010,
 author = {H\"{a}t\"{o}nen, S. and Nyrhinen, A. and Eggert, L. and Strowes, S. and Sarolahti, P. and Kojo, M.},
 title = {An experimental study of home gateway characteristics},
 booktitle = {Proceedings of the 10th ACM SIGCOMM conference on Internet measurement},
 series = {IMC '10},
 year = {2010},
 isbn = {978-1-4503-0483-2},
 location = {Melbourne, Australia},
 pages = {260--266},
 numpages = {7},
 url = {http://doi.acm.org/10.1145/1879141.1879174},
 doi = {10.1145/1879141.1879174},
 acmid = {1879174},
 publisher = {ACM},
 address = {New York, NY, USA},
 keywords = {behavior, characteristics, home gateways, measurements},
} 


@Unpublished{Tuexen_Encap:2013,
  author = 	 {M. Tuexen and R. Stewart},
  title = 	 {{UDP Encapsulation of SCTP Packets for End-Host to End-Host Communication}},
  note = 	 {Internet draft, draft-ietf-tsvwg-sctp-udp-encaps, work in progress},
  month = 	 {March},
  year = 	 2013}



@Unpublished{McLaggan_WCCP:2012,
  author = 	 {D. McLaggan},
  title = 	 {{Web Cache Communication Protocol V2, Revision 1}},
  note = 	 {Internet draft, draft-mclaggan-wccp-v2rev1, work in progress},
  month = 	 {August},
  year = 	 2012}


@inproceedings{netpiculet,
 author = {Wang, Z. and Qian, Z. and Xu, Q. and Mao, Z. and Zhang, M.},
 title = {An untold story of middleboxes in cellular networks},
 booktitle = {Proceedings of the ACM SIGCOMM 2011 conference},
 series = {SIGCOMM '11},
 year = {2011},
 isbn = {978-1-4503-0797-0},
 location = {Toronto, Ontario, Canada},
 pages = {374--385},
 numpages = {12},
 url = {http://doi.acm.org/10.1145/2018436.2018479},
 doi = {10.1145/2018436.2018479},
 acmid = {2018479},
 publisher = {ACM},
 address = {New York, NY, USA},
 keywords = {cellular data network, firewall, middlebox, nat, tcp performance},
} 



@inproceedings{nat-study,
author={L. D'Acunto and J.A. Pouwelse and H.J. Sips.},
title= {{A Measurement of NAT and Firewall Characteristics in Peer-to-Peer Systems}},
booktitle={Proceedings of the ASCI Conference},
location={Zeewolde, the Netherlands},
year={2009}
}


@article{Kohler_click:2000,
 author = {Kohler, E. and Morris, R. and Chen, B. and Jannotti, J. and Kaashoek, F.},
 title = {The click modular router},
 journal = {ACM Trans. Comput. Syst.},
 issue_date = {Aug. 2000},
 volume = {18},
 number = {3},
 month = aug,
 year = {2000},
 issn = {0734-2071},
 pages = {263--297},
 numpages = {35},
 url = {http://doi.acm.org/10.1145/354871.354874},
 doi = {10.1145/354871.354874},
 acmid = {354874},
 publisher = {ACM},
 address = {New York, NY, USA},
 keywords = {component systems, routers, software router performance},
} 


@inproceedings{khalili2012mptcp,
  title={{MPTCP is not pareto-optimal: performance issues and a possible solution}},
  author={Khalili, R. and Gast, N. and Popovic, M.0 and Upadhyay, U. and Le Boudec, J.-Y.},
  booktitle={Proceedings of the 8th international conference on Emerging networking experiments and technologies},
  pages={1--12},
  year={2012},
  organization={ACM}
}

@inproceedings{handigol2012reproducible,
  title={Reproducible network experiments using container-based emulation},
  author={Handigol, N. and Heller, B. and Jeyakumar, V. and Lantz, B. and McKeown, N.},
  booktitle={Proceedings of the 8th international conference on Emerging networking experiments and technologies},
  pages={253--264},
  year={2012},
  organization={ACM}
}


@Unpublished{Pfeiffer_Measuring:2007,
  author = 	 {R. Pfeiffer},
  title = 	 {{Measuring TCP Congestion Windows}},
  note = 	 {Linux Gazette},
  url = 	 {http://linuxgazette.net/136/pfeiffer.html},
  month = 	 {March},
  year = 	 2007}


@article{zimmermann1980osi,
  title={{OSI reference model--The ISO model of architecture for open systems interconnection}},
  author={Zimmermann, H.},
  journal={Communications, IEEE Transactions on},
  volume={28},
  number={4},
  pages={425--432},
  year={1980},
doi={10.1109/TCOM.1980.1094702},
  publisher={IEEE}
}


@inproceedings{clark1988design,
 author = {Clark, D.},
 title = {The design philosophy of the DARPA internet protocols},
 booktitle = {Symposium proceedings on Communications architectures and protocols},
 series = {SIGCOMM '88},
 year = {1988},
 isbn = {0-89791-279-9},
 location = {Stanford, California, USA},
 pages = {106--114},
 numpages = {9},
 url = {http://doi.acm.org/10.1145/52324.52336},
 doi = {10.1145/52324.52336},
 acmid = {52336},
 publisher = {ACM},
 address = {New York, NY, USA},
} 


@book{strayer1992xtp,
  title={{XTP: The Xpress transfer protocol}},
  author={Strayer, T. and Dempsey, B. and Weaver, A.},
  year={1992},
  publisher={Addison-Wesley Publishing Company}
}


@article{Iren_Transport:1999,
 author = {Iren, S. and Amer, P. and Conrad, P.},
 title = {The transport layer: tutorial and survey},
 journal = {ACM Comput. Surv.},
 issue_date = {Dec. 1999},
 volume = {31},
 number = {4},
 month = dec,
 year = {1999},
 issn = {0360-0300},
 pages = {360--404},
 numpages = {45},
 url = {http://doi.acm.org/10.1145/344588.344609},
 doi = {10.1145/344588.344609},
 acmid = {344609},
 publisher = {ACM},
 address = {New York, NY, USA},
 keywords = {TCP/IP networks, congestion control, flow control, transport protocol, transport service},
} 


@book{Bonaventure_CNP3:2012,
  author = 	 {Bonaventure, O.},
  title = 	 {Computer Networking : Principles, Protocols and Practice},
  publisher = 	 {Saylor foundation},
  year = 	 2012,
  note = 	 {Available from \url{http://inl.info.ucl.ac.be/cnp3}}}

@book{ross2003computer,
  title={Computer networking : A top-down Approach Featuring the Internet},
  author={Ross, K. and Kurose, J.},
  publisher={Addison Wesley},
  year={2012}
}

@book{peterson2007computer,
  title={Computer networks: a systems approach},
  author={Peterson, L. and Davie, B.},
  year={2007},
  publisher={Morgan Kaufmann}
}



@techreport{fonseca2005ip,
  title={{IP options are not an option}},
  author={Fonseca, R. and Porter, G. and Katz, R. and Shenker, S. and Stoica, I.},
  institution={UC Berkeley, Berkeley, CA},
  number={UCB/EECS-2005-24},
  year={2005},
  url={http://www.eecs.berkeley.edu/Pubs/TechRpts/2005/EECS-2005-24.html}
}


@inproceedings{Jacobson_congestion:88,
 author = {Jacobson, V.},
 title = {Congestion avoidance and control},
 booktitle = {Symposium proceedings on Communications architectures and protocols},
 series = {SIGCOMM '88},
 year = {1988},
 isbn = {0-89791-279-9},
 location = {Stanford, California, USA},
 pages = {314--329},
 numpages = {16},
 url = {http://doi.acm.org/10.1145/52324.52356},
 doi = {10.1145/52324.52356},
 acmid = {52356},
 publisher = {ACM},
 address = {New York, NY, USA},
}

@inproceedings{radhakrishnan2011tcp,
 author = {Radhakrishnan, Sivasankar and Cheng, Yuchung and Chu, Jerry and Jain, Arvind and Raghavan, Barath},
 title = {TCP fast open},
 booktitle = {Proceedings of the Seventh COnference on emerging Networking EXperiments and Technologies},
 series = {CoNEXT '11},
 year = {2011},
 isbn = {978-1-4503-1041-3},
 location = {Tokyo, Japan},
 pages = {21:1--21:12},
 articleno = {21},
 numpages = {12},
 url = {http://doi.acm.org/10.1145/2079296.2079317},
 doi = {10.1145/2079296.2079317},
 acmid = {2079317},
 publisher = {ACM},
 address = {New York, NY, USA},
} 


@article{deVivo_TTCP:1999,
 author = {de Vivo, M. and de Vivo, G. and Koeneke, R. and Isern, G.},
 title = {{Internet vulnerabilities related to TCP/IP and T/TCP}},
 journal = {SIGCOMM Comput. Commun. Rev.},
 issue_date = {January 1999},
 volume = {29},
 number = {1},
 month = jan,
 year = {1999},
 issn = {0146-4833},
 pages = {81--85},
 numpages = {5},
 url = {http://doi.acm.org/10.1145/505754.505760},
 doi = {10.1145/505754.505760},
 acmid = {505760},
 publisher = {ACM},
 address = {New York, NY, USA},
 keywords = {Denial of Service, SYN Attack, Sniffing, Spoofing, T/TCP, TCP/IP},
} 


@article{Birrell_RPC:1984,
 author = {Birrell, A. and Nelson, B.},
 title = {Implementing remote procedure calls},
 journal = {ACM Trans. Comput. Syst.},
 issue_date = {February 1984},
 volume = {2},
 number = {1},
 month = feb,
 year = {1984},
 issn = {0734-2071},
 pages = {39--59},
 numpages = {21},
 url = {http://doi.acm.org/10.1145/2080.357392},
 doi = {10.1145/2080.357392},
 acmid = {357392},
 publisher = {ACM},
 address = {New York, NY, USA},
 keywords = {distributed naming and binding, inter-process communication, performance of communication protocols, remote procedural calls, transport layer protocols},
} 


@inproceedings{Cheriton_VMTP:1986,
author = {Cheriton, D},
title = {{VMTP: a transport protocol for the next generation of communication systems}},
publisher = {ACM},
year = {1986},
booktitle = {SIGCOMM'86},
address = {New York, New York, USA},
month = aug
}



@Unpublished{Chu_increasing:2013,
  author = 	 {J. Chu and N. Dukkipati and Y. Cheng and M. Mathis},
  title = 	 {{Increasing TCP's Initial Window}},
  note = 	 {Internet draft, draft-ietf-tcpm-initcwnd, work in progress},
  month = 	 {February},
  year = 	 2013}

@Unpublished{Huitema_Multi-homed:1995,
  author = 	 {C. Huitema},
  title = 	 {{Multi-homed TCP}},
  note = 	 {Internet draft, work in progress},
  year = 	 1995}

@inproceedings{Paasch_Mobile:2012,
 author = {Paasch, C. and Detal, G. and Duchene, F. and Raiciu, C. and Bonaventure, O.},
 title = {{Exploring mobile/WiFi handover with multipath TCP}},
 booktitle = {Proceedings of the 2012 ACM SIGCOMM workshop on Cellular networks: operations, challenges, and future design},
 series = {CellNet '12},
 year = {2012},
 isbn = {978-1-4503-1475-6},
 location = {Helsinki, Finland},
 pages = {31--36},
 numpages = {6},
 url = {http://doi.acm.org/10.1145/2342468.2342476},
 doi = {10.1145/2342468.2342476},
 acmid = {2342476},
 publisher = {ACM},
 address = {New York, NY, USA},
 keywords = {energy consumption, mptcp, vertical handover, wifi/3g},
} 


@inproceedings{raiciu2012hard,
  title={{How hard can it be? designing and implementing a deployable multipath TCP}},
  author={Raiciu, C. and Paasch, C. and Barre, S. and Ford, A. and Honda, M. and Duchene, F. and Bonaventure, O. and Handley, M.},
  booktitle={NSDI},
  volume={12},
  pages={29--29},
url={https://www.usenix.org/conference/nsdi12/how-hard-can-it-be-designing-and-implementing-deployable-multipath-tcp},
  year={2012}
}

@inproceedings{raiciu2011improving,
 author = {Raiciu, Costin and Barre, Sebastien and Pluntke, Christopher and Greenhalgh, Adam and Wischik, Damon and Handley, Mark},
 title = {Improving datacenter performance and robustness with multipath TCP},
 booktitle = {Proceedings of the ACM SIGCOMM 2011 conference},
 series = {SIGCOMM '11},
 year = {2011},
 isbn = {978-1-4503-0797-0},
 location = {Toronto, Ontario, Canada},
 pages = {266--277},
 numpages = {12},
 url = {http://doi.acm.org/10.1145/2018436.2018467},
 doi = {10.1145/2018436.2018467},
 acmid = {2018467},
 publisher = {ACM},
 address = {New York, NY, USA},
 keywords = {data center, mptcp},
} 



@article{pooling,
 author = {Wischik, D. and Handley, M. and Bagnulo, M.},
 title = {{The resource pooling principle}},
 journal = {SIGCOMM Comput. Commun. Rev.},
 issue_date = {October 2008},
 volume = {38},
 number = {5},
 month = sep,
 year = {2008},
 issn = {0146-4833},
 pages = {47--52},
 numpages = {6},
 url = {http://doi.acm.org/10.1145/1452335.1452342},
 doi = {10.1145/1452335.1452342},
 acmid = {1452342},
 publisher = {ACM},
 address = {New York, NY, USA},
 keywords = {load balancing, multipath, resource pooling, statistical multiplexing, traffic engineering},
} 

@inproceedings{mptcp-cc,
 author = {Wischik, D. and Raiciu, C. and Greenhalgh, A. and Handley, M.},
 title = {Design, implementation and evaluation of congestion control for {Multipath TCP}},
 booktitle = {Proceedings of the 8th USENIX conference on Networked systems design and implementation},
 series = {NSDI'11},
 year = {2011},
 location = {Boston, MA},
 pages = {8--8},
 numpages = {1},
 url = {https://www.usenix.org/conference/nsdi11/design-implementation-and-evaluation-congestion-control-multipath-tcp},
 acmid = {1972468},
 publisher = {USENIX Association},
 address = {Berkeley, CA, USA},
} 


@Article{towsley-cc,
  author =       {H. Han and S. Shakkottai and
                  C. Hollot and R. Srikant and D. Towsley},
  title =        {Multi-Path {TCP}: a joint congestion control and
                  routing scheme to exploit path diversity in the {I}nternet},
  journal =      {IEEE/ACM Trans. Networking},
  year =         {2006},
  volume =       {14},
  doi={10.1109/TNET.2006.886738},
  number =       {6},
}

@article{kelly-voice,
 author = {Kelly, Frank and Voice, Thomas},
 title = {Stability of end-to-end algorithms for joint routing and rate control},
 journal = {SIGCOMM Comput. Commun. Rev.},
 issue_date = {April 2005},
 volume = {35},
 number = {2},
 month = apr,
 year = {2005},
 issn = {0146-4833},
 pages = {5--12},
 numpages = {8},
 url = {http://doi.acm.org/10.1145/1064413.1064415},
 doi = {10.1145/1064413.1064415},
 acmid = {1064415},
 publisher = {ACM},
 address = {New York, NY, USA},
 keywords = {dynamic routing, internet, scalable TCP},
} 



@inproceedings{ iyengar10minion,
   author = {J. Iyengar and B. Ford and D. Ailawadi and S. Obaid Amin and M. Nowlan and N. Tiwari and J. Wise},
   title = {{Minion---an All-Terrain Packet Packhorse to Jump-Start Stalled Internet Transports}},
   booktitle = {PFLDNeT 2010},
   month = nov,
   year = 2010
}

@inproceedings{ nowlan12fitting,
	author = {M. Nowlan and N. Tiwari and
                      J. Iyengar and S. Obaid Amin and B. Ford},
	title = {Fitting Square Pegs Through Round Pipes:
                 Unordered Delivery Wire-Compatible with {TCP} and {TLS}},
    booktitle={NSDI},
    volume={12},
	month = apr,
url={https://www.usenix.org/conference/nsdi12/minion-unordered-delivery-wire-compatible-tcp-and-tls},
	year = {2012}
}

@inproceedings{ cheshire97consistent,
 author = {Cheshire, Stuart and Baker, Mary},
 title = {Consistent overhead byte stuffing},
 booktitle = {Proceedings of the ACM SIGCOMM '97 conference on Applications, technologies, architectures, and protocols for computer communication},
 series = {SIGCOMM '97},
 year = {1997},
 isbn = {0-89791-905-X},
 location = {Cannes, France},
 pages = {209--220},
 numpages = {12},
 url = {http://doi.acm.org/10.1145/263105.263168},
 doi = {10.1145/263105.263168},
 acmid = {263168},
 publisher = {ACM},
 address = {New York, NY, USA},
} 

@inproceedings{ popa10http,
 author = {Popa, Lucian and Ghodsi, Ali and Stoica, Ion},
 title = {HTTP as the narrow waist of the future internet},
 booktitle = {Proceedings of the 9th ACM SIGCOMM Workshop on Hot Topics in Networks},
 series = {Hotnets-IX},
 year = {2010},
 isbn = {978-1-4503-0409-2},
 location = {Monterey, California},
 pages = {6:1--6:6},
 articleno = {6},
 numpages = {6},
 url = {http://doi.acm.org/10.1145/1868447.1868453},
 doi = {10.1145/1868447.1868453},
 acmid = {1868453},
 publisher = {ACM},
 address = {New York, NY, USA},
} 


@inproceedings{jacobson,
 author = {Jacobson, V.},
 title = {Congestion avoidance and control},
 booktitle = {Symposium proceedings on Communications architectures and protocols},
 series = {SIGCOMM '88},
 year = {1988},
 isbn = {0-89791-279-9},
 location = {Stanford, California, USA},
 pages = {314--329},
 numpages = {16},
 url = {http://doi.acm.org/10.1145/52324.52356},
 doi = {10.1145/52324.52356},
 acmid = {52356},
 publisher = {ACM},
 address = {New York, NY, USA},
} 

@inproceedings{olia,
 author = {Khalili, R. and Gast, N. and Popovic, M. and Upadhyay, U. and Le Boudec, J.-Y.},
 title = {{MPTCP} is not pareto-optimal: performance issues and a possible solution},
 booktitle = {Proceedings of the 8th international conference on Emerging networking experiments and technologies},
 series = {CoNEXT '12},
 year = {2012},
 isbn = {978-1-4503-1775-7},
 location = {Nice, France},
 pages = {1--12},
 numpages = {12},
 url = {http://doi.acm.org/10.1145/2413176.2413178},
 doi = {10.1145/2413176.2413178},
 acmid = {2413178},
 publisher = {ACM},
 address = {New York, NY, USA},
 keywords = {congestion control algorithm, multipath TCP, performance evaluation, protocol design},
} 

@inproceedings{tussle,
 author = {Clark, D. and Wroclawski, J. and Sollins, K. and Braden, R.},
 title = {Tussle in cyberspace: defining tomorrow's internet},
 booktitle = {Proceedings of the 2002 conference on Applications, technologies, architectures, and protocols for computer communications},
 series = {SIGCOMM '02},
 year = {2002},
 isbn = {1-58113-570-X},
 location = {Pittsburgh, Pennsylvania, USA},
 pages = {347--356},
 numpages = {10},
 url = {http://doi.acm.org/10.1145/633025.633059},
 doi = {10.1145/633025.633059},
 acmid = {633059},
 publisher = {ACM},
 address = {New York, NY, USA},
 keywords = {competition, design, economics, network architecture, principles, trust, tussle},
} 

@article{marko10using,
    author = {K. Marko},
    title = "{Using SSL Proxies To Block Unauthorized SSL VPNs}",
    journal = {Processor Magazine, www.processor.com},
    volume = 32,
    number = 16,
    month = jul,
    year = 2010,
url={http://processor.com/editorial/article.asp?article=articles%2Fp3216%2F33p16%2F33p16.asp},
    pages = {23}
}


@inproceedings{grin,
 author = {Agache, A. and Raiciu, C.},
 title = {{GRIN}: utilizing the empty half of full bisection networks},
 booktitle = {Proceedings of the 4th USENIX conference on Hot Topics in Cloud Ccomputing},
 series = {HotCloud'12},
 year = {2012},
 location = {Boston, MA},
 pages = {7--7},
 numpages = {1},
 url = {http://dl.acm.org/citation.cfm?id=2342763.2342770},
 acmid = {2342770},
 publisher = {USENIX Association},
 address = {Berkeley, CA, USA},
} 

@inproceedings{vegas,
 author = {Brakmo, L. and O'Malley, S. and Peterson, L.},
 title = {{TCP Vegas}: new techniques for congestion detection and avoidance},
 booktitle = {Proceedings of the conference on Communications architectures, protocols and applications},
 series = {SIGCOMM '94},
 year = {1994},
 isbn = {0-89791-682-4},
 location = {London, United Kingdom},
 pages = {24--35},
 numpages = {12},
 url = {http://doi.acm.org/10.1145/190314.190317},
 doi = {10.1145/190314.190317},
 acmid = {190317},
 publisher = {ACM},
 address = {New York, NY, USA},
} 

@misc{ rosenberg08udp,
	author = {J. Rosenberg},
	title = {{UDP} and {TCP} as the New Waist of the {Internet} Hourglass},
	month = feb,
	year = 2008,
	note = {Internet-Draft (Work in Progress)},
}

@inproceedings{ ford08breaking,
	author = {B. Ford and J. Iyengar},
	title = {Breaking Up the Transport Logjam},
	booktitle = {{7th Workshop
				on Hot Topics in Networks (HotNets-VII)}},
	location = {Calgary, Alberta, Canada},
	month = oct,
	day = 6,
	year = 2008,
}

@inproceedings{ ford07structured,
 author = {Ford, Bryan},
 title = {Structured streams: a new transport abstraction},
 booktitle = {Proceedings of the 2007 conference on Applications, technologies, architectures, and protocols for computer communications},
 series = {SIGCOMM '07},
 year = {2007},
 isbn = {978-1-59593-713-1},
 location = {Kyoto, Japan},
 pages = {361--372},
 numpages = {12},
 url = {http://doi.acm.org/10.1145/1282380.1282421},
 doi = {10.1145/1282380.1282421},
 acmid = {1282421},
 publisher = {ACM},
 address = {New York, NY, USA},
 keywords = {SST, TCP, best-effort, datagram, fairness, mobility, multimedia, reliable, stream, transport protocols, web transport},
} 


@misc{ spdy,
   title = "{SPDY: An Experimental Protocol For a Faster Web}",
   note = {\url{http://www.chromium.org/spdy/spdy-whitepaper}},
}

@misc{ zeromq,
   title = {{ZeroMQ}: The Intelligent Transport Layer},
   note = {\url{http://www.zeromq.org}},
}

@misc{ websocket,
	author = {W3C},
	title = {{The WebSocket API (draft)}},
	year = 2011,
	note = {\url{http://dev.w3.org/html5/websockets/}},
}

@inproceedings{ clark90architectural,
 author = {Clark, D. D. and Tennenhouse, D. L.},
 title = {Architectural considerations for a new generation of protocols},
 booktitle = {Proceedings of the ACM symposium on Communications architectures \& protocols},
 series = {SIGCOMM '90},
 year = {1990},
 isbn = {0-89791-405-8},
 location = {Philadelphia, Pennsylvania, USA},
 pages = {200--208},
 numpages = {9},
 url = {http://doi.acm.org/10.1145/99508.99553},
 doi = {10.1145/99508.99553},
 acmid = {99553},
 publisher = {ACM},
 address = {New York, NY, USA},
} 


@inproceedings{Vasudevan:2009:SEF:1592568.1592604,
 author = {Vasudevan, V. and Phanishayee, A. and Shah, H. and Krevat, E. and Andersen, D. and Ganger, G. and Gibson, G. and Mueller, B.},
 title = {Safe and effective fine-grained TCP retransmissions for datacenter communication},
 booktitle = {Proceedings of the ACM SIGCOMM 2009 conference on Data communication},
 series = {SIGCOMM '09},
 year = {2009},
 isbn = {978-1-60558-594-9},
 location = {Barcelona, Spain},
 pages = {303--314},
 numpages = {12},
 url = {http://doi.acm.org/10.1145/1592568.1592604},
 doi = {10.1145/1592568.1592604},
 acmid = {1592604},
 publisher = {ACM},
 address = {New York, NY, USA},
 keywords = {datacenter networks, incast, performance, throughput},
} 

@Unpublished{Detal_Tracebox:2013,
  author = 	 {G. Detal},
  title = 	 {\texttt{tracebox}},
  note = 	 {\url{http://www.tracebox.org}}}


@Unpublished{Hesmans_click:2013,
  author = 	 {B. Hesmans},
  title = 	 {Click elements to model middleboxes},
  note = 	 {\url{https://bitbucket.org/bhesmans/click}},
  OPTkey = 	 {},
  OPTmonth = 	 {},
  OPTyear = 	 {},
  OPTannote = 	 {}
}

@inproceedings{guo06delving,
 author = {Guo, Lei and Tan, Enhua and Chen, Songqing and Xiao, Zhen and Spatscheck, Oliver and Zhang, Xiaodong},
 title = {Delving into internet streaming media delivery: a quality and resource utilization perspective},
 booktitle = {Proceedings of the 6th ACM SIGCOMM conference on Internet measurement},
 series = {IMC '06},
 year = {2006},
 isbn = {1-59593-561-4},
 location = {Rio de Janeriro, Brazil},
 pages = {217--230},
 numpages = {14},
 url = {http://doi.acm.org/10.1145/1177080.1177108},
 doi = {10.1145/1177080.1177108},
 acmid = {1177108},
 publisher = {ACM},
 address = {New York, NY, USA},
 keywords = {multimedia streaming, traffic analysis},
} 
[download]

@inproceedings{ baset06analysis,
	author = {Salman A. Baset and Henning Schulzrinne},
	title = {An Analysis of the {Skype} Peer-to-Peer
			{Internet} Telephony Protocol},
	booktitle = {IEEE INFOCOM},
	month = apr,
	year = 2006,
}

@inproceedings{handley01network,
 author = {Handley, Mark and Paxson, Vern and Kreibich, Christian},
 title = "{Network Intrusion Detection: Evasion, Traffic Normalization, and End-to-end Protocol Semantics}",
 booktitle = {SSYM'01: Proceedings of the 10th conference on USENIX Security Symposium},
 year = {2001},
 pages = {9--9},
 location = {Washington, D.C.},
 publisher = {USENIX Association},
 url={https://www.usenix.org/conference/10th-usenix-security-symposium/network-intrusion-detection-evasion-traffic-normalization},
 address = {Berkeley, CA, USA},
 }

@book{ northcutt05inside,
	author = {Stephen Northcutt and Lenny Zeltser and Scott Winters and Karen Kent and Ronald Ritchey},
	title = {Inside Network Perimeter Security},
	publisher = {SAMS Publishing},
	year = 2005,
}

@article{ davies09directaccess,
	author = {Joseph Davies},
	title = {{DirectAccess} and the Thin Edge Network},
	journal = {Microsoft TechNet Magazine},
	month = may,
	year = 2009,
}

@INPROCEEDINGS{zec02estimating,
    author = {Marko Zec and Miljenko Mikuc and Mario Zagar},
    title = "Estimating the Impact of Interrupt Coalescing Delays on Steady State {TCP} Throughput",
    booktitle = {SoftCOM},
    year = {2002}
}

@inproceedings{ mogul03tcp,
   author = {Jeff Mogul},
   title = "{TCP} Offload is a Dumb Idea Whose Time Has Come",
   booktitle = {HotOS IX},
   month = may,
url={https://www.usenix.org/conference/hotos-ix/tcp-offload-dumb-idea-whose-time-has-come},
   year = 2003
}

@misc{ cisco-rbscp,
	author = {Cisco},
	title = "{Rate-Based Satellite Control Protocol}",
	year = 2006,
}

@inproceedings{ reis08detecting,
	author = {Charles Reis and others},
	title = {Detecting In-Flight Page Changes with Web Tripwires},
	booktitle = {Symposium on Networked System
			Design and Implementation (NSDI)},
	month = apr,
	year = 2008,
url={https://www.usenix.org/conference/nsdi-08/detecting-flight-page-changes-web-tripwires},
	location = {San Francisco, CA},
}

@inproceedings{ ford09efficient,
	author = {Bryan Ford and Janardhan Iyengar},
	title = {Efficient Cross-Layer Negotiation},
	booktitle = {8th Workshop on Hot Topics in Networks (HotNets-VIII)},
	location = {New York City, NY},
	month = oct,
	day = 22,
	year = 2009,
}
